@article{bank1985transient,
    title={Transient simulation of silicon devices and circuits},
    author={Bank, Randolph E and Coughran, William M and Fichtner, Wolfgang and 
    Grosse, Eric H and Rose, Donald J and Smith, R Kent},
    journal={IEEE Transactions on Computer-Aided Design of Integrated Circuits 
    and Systems},
    volume={4},
    number={4},
    pages={436--451},
    year={1985},
    publisher={IEEE}
},

@article{hosea1996analysis,
  title={Analysis and implementation of {TR-BDF2}},
  author={Hosea, ME and Shampine, LF},
  journal={Applied Numerical Mathematics},
  volume={20},
  number={1},
  pages={21--37},
  year={1996},
  publisher={Elsevier}
}

@book{hughes2010hughes,
    title={Hughes electrical and electronic technology},
    author={Hughes, E.},
    isbn={9788131733660},
    year={2010},
    edition={10},
    pages={787--873},
    publisher={Pearson Education}
}

@misc{brigham2016coursework,
    title={Coursework: {DC} motor characteristics},
    author={Brigham, K.},
    month={12},
    year={2016},
    howpublished={Durham University}
}

@misc{kazemtabrizi2015dc,
    title={{DC} Machines (3)},
    author={Kazemtabrizi, B.},
    month={02},
    year={2015},
    howpublished={Durham University}
}